<record><leader>00000cas a22000007a 4500</leader><controlfield tag="001">17935990</controlfield><controlfield tag="008">880511d19141919ohudn ne      0    0eng d</controlfield><datafield ind1=" " ind2=" " tag="010"><subfield code="a">sn 88078524 </subfield></datafield><datafield ind1=" " ind2=" " tag="040"><subfield code="a">ONP</subfield><subfield code="b">eng</subfield><subfield code="c">ONP</subfield><subfield code="d">OCLCQ</subfield></datafield><datafield ind1=" " ind2=" " tag="042"><subfield code="a">msc</subfield></datafield><datafield ind1="0" ind2=" " tag="130"><subfield code="a">Mansfield shield (Mansfield, Ohio : 1914)</subfield></datafield><datafield ind1="1" ind2="0" tag="245"><subfield code="a">Mansfield shield.</subfield></datafield><datafield ind1=" " ind2=" " tag="260"><subfield code="a">Mansfield, Ohio :</subfield><subfield code="b">Shield Pub. Co.,</subfield><subfield code="c">1914-</subfield></datafield><datafield ind1=" " ind2=" " tag="310"><subfield code="a">Daily (except Sun.)</subfield></datafield><datafield ind1="0" ind2=" " tag="362"><subfield code="a">27th year, no. 9 (July 1, 1914)-</subfield></datafield><datafield ind1="1" ind2=" " tag="362"><subfield code="a">Ceased with June 29, 1919 issue.</subfield></datafield><datafield ind1=" " ind2=" " tag="752"><subfield code="a">United States</subfield><subfield code="b">Ohio</subfield><subfield code="c">Richland</subfield><subfield code="d">Mansfield.</subfield></datafield><datafield ind1="0" ind2="0" tag="780"><subfield code="t">Mansfield shield and banner</subfield><subfield code="w">(DLC)sn 88078525</subfield></datafield></record>